@INPROCEEDINGS{8048908,
  author={Raúl. {Mazo}},
  booktitle={GUÍA PARA LA ADOPCIÓN INDUSTRIAL DE LÍNEAS DE PRODUCTOS DE SOFTWARE}, 
  title={}, 
  year={2018},
  volume={},
  number={},
  pages={},}

@ELECTRONIC{url1,
  author = {{[Online]. Avaibel: www.andemos.org}},
  year = {2020},
  title = {\texttt{informe Vehículos}, Octubre},
}

@ELECTRONIC{url2,
  author = {{[Online]. Avaibel: www.eltiempo.com}},
  year = {2010},
  title = {\texttt{Por cada vehículo hay 121 talleres},  02 de octubre },
}

@ELECTRONIC{url3,
  author = {{[Online]. Avaibel:  www.docs.microsoft.com }},
  year = {2010},
  title = {\texttt{Arquetipos de aplicación},  13 de enero },
}


  
  